@article{ssbft,
  author       = {S. Dolev and C. Georgiou and I. Marcoullis and E. M. Schiller}, 
  title        = {Self-Stabilizing Byzantine Tolerant Replicated State Machine Based on Failure Detectors},
  journal      = {},
  year         = 2018,
}

@article{pbft,
  author = {Miguel Castro and Barbara Liskov},
  title = {Practical Byzantine Fault Tolerance},
  journal = {Proceedings of the Third Symposium on Operating Systems Design and Implementation},
  year = 1999,
}

@article{distributedSystems,
 author = {Maarten van Steen and Andrew S. Tanenbaum},
 title = {A brief introduction to distributed systems},
 journal = {Springerlink.com},
 year = 2016,
}

@article{ss,
 author = {Marco Schneider},
 title = {Self-Stabilization},
 journal = {ACM Computing Surveys},
 year = 1993,
}

@misc{zmqref,
	title = {ZeroMQ API Reference},
	howpublished = {http://api.zeromq.org/}
}

@misc{planetLab,
	title = {PlanetLab Europe},
	howpublished = {https://www.planet-lab.eu}
}

@book{zguide,
	author = {Pieter Hintjens},
	title = {ZeroMQ - The Guide},
	publisher = {http://zguide.zeromq.org/page:all},
  	year      = 2011,
}

@misc{zguidegit,
  title = {booksbyus/zguide},
  howpublished = {https://github.com/booksbyus/zguide/tree/master/examples},
}

@misc{gob,
  title = {encoding/gob},
  howpublished = {https://golang.org/pkg/encoding/gob/},
}

@misc{implementation,
 title = {npafitis/SSBFT},
 howpublished = {https://github.com/npafitis/SSBFT}
}

@article{bf,
 author = {Kirrmann, Hubert},
 title = {Fault Tolerant Computing in Industrial Automation},
 journal = {ABB Research Center},
 year = 2014,
}

@article{generals,
 author = {Leslie Lamport},
 title = {The Byzantine Generals Problem},
 journal = {ACM Transactions on Programming Languages and Systems},
 year = 1982,
}

@article{realgenerals,
 author = {K. Driscoll, B. Hall,  M. Paulitsch, P. Zumsteg, H. Sivencrona },
 title = {The Real Byzantine Generals},
 journal = {The 23rd Digital Avionics Systems Conference},
 year = 2004,
}

@article{dolev,
 author = {  S.   Dolev,    R.   I.   Kat,    and   E.   M.   Schiller},
 title = {When consensus meets self-stabilization},
 journal = {J.  Comput.  Syst.  Sci.,  vol.  76,  no.  8,  pp.  884–900},
 year = 2010
}

@article{qu,
 author = {Abd-El-Malek, M.; Ganger, G.; Goodson, G.; Reiter, M.; Wylie, J.},
 title = {Fault-scalable Byzantine Fault-Tolerant Services},
 journal = {ACM Sigops Operating Systems Review},
 year = 2005
}

@article{zyzzyva,
 author = {Kotla, Ramakrishna; Alvisi, Lorenzo; Dahlin, Mike; Clement, Allen; Wong, Edmund},
 title = {Zyzzyva: Speculative Byzantine Fault Tolerance},
 journal = {ACM Transactions on Computer Systems.},
 year = 2009
}

@article{abstracts,
 author = {Guerraoui, Rachid; Kneževic, Nikola; Vukolic, Marko; Quéma, Vivien},
 title = {The Next 700 BFT Protocols},
 journal = {Proceedings of the 5th European conference on Computer systems. EuroSys.},
 year = 2010
}

@article{dijkstrass,
 author = {Edsger W. Dijkstra},
 title = {Self-stabilizing systems in spite of distributed control},
 journal = {Communications of the ACM, 17},
 year = 1974
}

